@article{zhang2019flow,
  title={Flow mechanism and simulation approaches for shale gas reservoirs: A review},
  author={Zhang, Tao and Sun, Shuyu and Song, Hongqing},
  journal={Transport in Porous Media},
  volume={126},
  number={3},
  pages={655--681},
  year={2019},
  publisher={Springer}
}